@inproceedings{mahmood2006echidna,
  title={ECHIDNA: Efficient clustering of hierarchical data for network traffic analysis},
  author={Mahmood, Abdun Naser and Leckie, Christopher and Udaya, Parampalli},
  booktitle={International Conference on Research in Networking},
  pages={1092--1098},
  year={2006},
  organization={Springer}
}
